@article{ChVit09,
    author="Chan, Kit Ying and Vitevitch, Michael S.",
    year="2009",
    title={The influence of the phonological neighborhood clustering coefficient on spoken word recognition},
    journal={Journal of Experimental Psychology: Human Perception and Performance},
    volume="35",
    number="6",
    pages="1934--1949"
}
@article{lp89,
  title={Recognizing spoken words: The neighborhood activation model},
  author={Luce, Paul A and Pisoni, David B},
  journal={Ear and hearing},
  volume={19},
  number={1},
  pages={1},
  year={1998},
  publisher={NIH Public Access}
}
@article{vit08,
  title={What can graph theory tell us about word learning and lexical retrieval?},
  author={Vitevitch, Michael S},
  journal={Journal of Speech, Language, and Hearing Research},
  volume={51},
  number={2},
  pages={408--422},
  year={2008},
  publisher={ASHA}
}
@article{ws,
  title={Collective dynamics of ``small-world'' networks},
  author={Watts, Duncan J and Strogatz, Steven H},
  journal={Nature},
  volume={393},
  number={6684},
  pages={440--442},
  year={1998},
  publisher={Nature Publishing Group}
}
@article{r08,
  title={Maps of random walks on complex networks reveal community structure},
  author={Rosvall, Martin and Bergstrom, Carl T},
  journal={Proceedings of the National Academy of Sciences},
  volume={105},
  number={4},
  pages={1118--1123},
  year={2008},
  publisher={National Acad Sciences}
}
@article{noh2004,
  title={Random walks on complex networks},
  author={Noh, Jae Dong and Rieger, Heiko},
  journal={Physical review letters},
  volume={92},
  number={11},
  pages={118701},
  year={2004},
  publisher={APS}
}
